
<record><leader>00850nam a22002891  4500</leader><controlfield tag='001'>000000139</controlfield><controlfield tag='003'>MiAaHDL</controlfield><controlfield tag='005'>20130211000000.0</controlfield><controlfield tag='006'>m        d        </controlfield><controlfield tag='007'>cr bn ---auaua</controlfield><controlfield tag='008'>880715c19691947nyuach   b    00100beng  </controlfield><datafield ind1=' ' ind2=' ' tag='010'><subfield code='a'>69013899</subfield></datafield><datafield ind1=' ' ind2=' ' tag='035'><subfield code='a'>(MiU)000000139</subfield></datafield><datafield ind1=' ' ind2=' ' tag='035'><subfield code='a'>sdr-miu000000139</subfield></datafield><datafield ind1=' ' ind2=' ' tag='035'><subfield code='a'>(OCoLC)12096</subfield></datafield><datafield ind1=' ' ind2=' ' tag='035'><subfield code='a'>(CaOTULAS)159818176</subfield></datafield><datafield ind1=' ' ind2=' ' tag='035'><subfield code='a'>(RLIN)MIUG0012096-B</subfield></datafield><datafield ind1=' ' ind2=' ' tag='040'><subfield code='a'>DLC</subfield><subfield code='c'>DLC</subfield><subfield code='d'>MiU</subfield></datafield><datafield ind1='0' ind2=' ' tag='050'><subfield code='a'>QB36.B8</subfield><subfield code='b'>G2 1969</subfield></datafield><datafield ind1=' ' ind2=' ' tag='082'><subfield code='a'>520/.924</subfield><subfield code='a'>B</subfield></datafield><datafield ind1='1' ind2=' ' tag='100'><subfield code='a'>Gade, John A.</subfield><subfield code='q'>(John Allyne),</subfield><subfield code='d'>1875-1955.</subfield></datafield><datafield ind1='1' ind2='4' tag='245'><subfield code='a'>The life and times of Tycho Brahe.</subfield></datafield><datafield ind1=' ' ind2=' ' tag='260'><subfield code='a'>New York,</subfield><subfield code='b'>Greenwood Press</subfield><subfield code='c'>[1969, c1947]</subfield></datafield><datafield ind1=' ' ind2=' ' tag='300'><subfield code='a'>xii, 209 p.</subfield><subfield code='b'>illus., facsims., ports.</subfield><subfield code='c'>24 cm.</subfield></datafield><datafield ind1=' ' ind2=' ' tag='500'><subfield code='a'>Includes index.</subfield></datafield><datafield ind1=' ' ind2=' ' tag='504'><subfield code='a'>Bibliography: p. 195-203.</subfield></datafield><datafield ind1=' ' ind2=' ' tag='538'><subfield code='a'>Mode of access: Internet.</subfield></datafield><datafield ind1='1' ind2='0' tag='600'><subfield code='a'>Brahe, Tycho,</subfield><subfield code='d'>1546-1601.</subfield></datafield><datafield ind1=' ' ind2=' ' tag='CID'><subfield code='a'>000000139</subfield></datafield><datafield ind1='0' ind2=' ' tag='DAT'><subfield code='a'>20130211144559.0</subfield><subfield code='b'>20130211000000.0</subfield></datafield><datafield ind1='1' ind2=' ' tag='DAT'><subfield code='a'>20130214102355.0</subfield><subfield code='b'>2013-08-01T02:28:58Z</subfield></datafield><datafield ind1='2' ind2=' ' tag='DAT'><subfield code='a'>2010-02-20T11:30:03Z</subfield></datafield><datafield ind1=' ' ind2=' ' tag='CAT'><subfield code='a'>SDR-MIU</subfield><subfield code='d'>EX LIBRIS - ALEPH</subfield><subfield code='l'>loader.pl-002-002</subfield></datafield><datafield ind1=' ' ind2=' ' tag='FMT'><subfield code='a'>BK</subfield></datafield><datafield ind1=' ' ind2=' ' tag='HOL'><subfield code='0'>sdr-miu000000139</subfield><subfield code='a'>MiU</subfield><subfield code='b'>SDR</subfield><subfield code='c'>MIU</subfield><subfield code='p'>mdp.39015002494360</subfield><subfield code='s'>MIU</subfield><subfield code='1'>000000139</subfield></datafield><datafield ind1=' ' ind2=' ' tag='974'><subfield code='b'>MIU</subfield><subfield code='c'>MIU</subfield><subfield code='d'>20130801</subfield><subfield code='s'>google</subfield><subfield code='u'>mdp.39015002494360</subfield><subfield code='r'>ic</subfield></datafield></record>