
<record><leader>00858nam a22003011  4500</leader><controlfield tag='001'>000000143</controlfield><controlfield tag='003'>MiAaHDL</controlfield><controlfield tag='005'>20130211000000.0</controlfield><controlfield tag='006'>m        d        </controlfield><controlfield tag='007'>cr bn ---auaua</controlfield><controlfield tag='008'>880715s1969    ja ab        |00000 eng  </controlfield><datafield ind1=' ' ind2=' ' tag='010'><subfield code='a'>69016367</subfield></datafield><datafield ind1=' ' ind2=' ' tag='015'><subfield code='a'>Ja***</subfield></datafield><datafield ind1=' ' ind2=' ' tag='020'><subfield code='a'>8701100718</subfield><subfield code='c'>1.95</subfield></datafield><datafield ind1=' ' ind2=' ' tag='035'><subfield code='a'>(MiU)000000143</subfield></datafield><datafield ind1=' ' ind2=' ' tag='035'><subfield code='a'>sdr-miu000000143</subfield></datafield><datafield ind1=' ' ind2=' ' tag='035'><subfield code='a'>(OCoLC)12545</subfield></datafield><datafield ind1=' ' ind2=' ' tag='035'><subfield code='a'>(CaOTULAS)159818180</subfield></datafield><datafield ind1=' ' ind2=' ' tag='035'><subfield code='a'>(RLIN)MIUG0012545-B</subfield></datafield><datafield ind1=' ' ind2=' ' tag='040'><subfield code='a'>DLC</subfield><subfield code='c'>DLC</subfield><subfield code='d'>MiU</subfield></datafield><datafield ind1=' ' ind2='4' tag='050'><subfield code='a'>DS352</subfield><subfield code='b'>.K621</subfield></datafield><datafield ind1=' ' ind2=' ' tag='082'><subfield code='a'>915.81/022/2</subfield></datafield><datafield ind1='1' ind2=' ' tag='100'><subfield code='a'>Konishi, Masatoshi,</subfield><subfield code='d'>1938-</subfield></datafield><datafield ind1='0' ind2='0' tag='245'><subfield code='a'>Afghanistan.</subfield></datafield><datafield ind1=' ' ind2=' ' tag='260'><subfield code='a'>Tokyo,</subfield><subfield code='a'>Palo Alto, Calif.,</subfield><subfield code='b'>Kodansha International,</subfield><subfield code='c'>1969.</subfield></datafield><datafield ind1=' ' ind2=' ' tag='300'><subfield code='a'>146 p.</subfield><subfield code='b'>col. illus., maps,</subfield><subfield code='c'>19 cm.</subfield></datafield><datafield ind1='0' ind2=' ' tag='490'><subfield code='a'>This beautiful world, v. 7</subfield></datafield><datafield ind1=' ' ind2=' ' tag='538'><subfield code='a'>Mode of access: Internet.</subfield></datafield><datafield ind1=' ' ind2='0' tag='651'><subfield code='a'>Afghanistan</subfield><subfield code='x'>Description and travel</subfield><subfield code='x'>Views.</subfield></datafield><datafield ind1=' ' ind2=' ' tag='CID'><subfield code='a'>000000143</subfield></datafield><datafield ind1='0' ind2=' ' tag='DAT'><subfield code='a'>20130211144559.0</subfield><subfield code='b'>20130211000000.0</subfield></datafield><datafield ind1='1' ind2=' ' tag='DAT'><subfield code='a'>20130214102355.0</subfield><subfield code='b'>2013-08-01T02:28:59Z</subfield></datafield><datafield ind1='2' ind2=' ' tag='DAT'><subfield code='a'>2012-11-10T08:30:15Z</subfield></datafield><datafield ind1=' ' ind2=' ' tag='CAT'><subfield code='a'>SDR-MIU</subfield><subfield code='d'>EX LIBRIS - ALEPH</subfield><subfield code='l'>loader.pl-002-002</subfield></datafield><datafield ind1=' ' ind2=' ' tag='FMT'><subfield code='a'>BK</subfield></datafield><datafield ind1=' ' ind2=' ' tag='HOL'><subfield code='0'>sdr-miu000000143</subfield><subfield code='a'>MiU</subfield><subfield code='b'>SDR</subfield><subfield code='c'>MIU</subfield><subfield code='p'>mdp.39015041813265</subfield><subfield code='s'>MIU</subfield><subfield code='1'>000000143</subfield></datafield><datafield ind1=' ' ind2=' ' tag='974'><subfield code='b'>MIU</subfield><subfield code='c'>MIU</subfield><subfield code='d'>20130801</subfield><subfield code='s'>google</subfield><subfield code='u'>mdp.39015041813265</subfield><subfield code='r'>ic</subfield></datafield></record>