
<record><leader>00738nam a22002651  4500</leader><controlfield tag='001'>000000144</controlfield><controlfield tag='003'>MiAaHDL</controlfield><controlfield tag='005'>20130211000000.0</controlfield><controlfield tag='006'>m        d        </controlfield><controlfield tag='007'>cr bn ---auaua</controlfield><controlfield tag='008'>880715s1969    nyu          |00011 eng  </controlfield><datafield ind1=' ' ind2=' ' tag='010'><subfield code='a'>69016611</subfield></datafield><datafield ind1=' ' ind2=' ' tag='035'><subfield code='a'>(MiU)000000144</subfield></datafield><datafield ind1=' ' ind2=' ' tag='035'><subfield code='a'>sdr-miu000000144</subfield></datafield><datafield ind1=' ' ind2=' ' tag='035'><subfield code='a'>(OCoLC)12594</subfield></datafield><datafield ind1=' ' ind2=' ' tag='035'><subfield code='a'>(CaOTULAS)159818181</subfield></datafield><datafield ind1=' ' ind2=' ' tag='035'><subfield code='a'>(RLIN)MIUG0012594-B</subfield></datafield><datafield ind1=' ' ind2=' ' tag='040'><subfield code='a'>DLC</subfield><subfield code='c'>DLC</subfield><subfield code='d'>MiU</subfield></datafield><datafield ind1=' ' ind2=' ' tag='082'><subfield code='a'>823/.9/14</subfield></datafield><datafield ind1='1' ind2=' ' tag='100'><subfield code='a'>Lessing, Doris May,</subfield><subfield code='d'>1919-</subfield></datafield><datafield ind1='1' ind2='4' tag='245'><subfield code='a'>The four-gated city</subfield><subfield code='c'>[by] Doris Lessing.</subfield></datafield><datafield ind1=' ' ind2=' ' tag='250'><subfield code='a'>[1st ed.]</subfield></datafield><datafield ind1=' ' ind2=' ' tag='260'><subfield code='a'>New York,</subfield><subfield code='b'>Knopf [distributed by Random House]</subfield><subfield code='c'>1969.</subfield></datafield><datafield ind1=' ' ind2=' ' tag='300'><subfield code='a'>613 p.</subfield><subfield code='c'>25 cm.</subfield></datafield><datafield ind1='0' ind2=' ' tag='490'><subfield code='a'>Her Children of violence</subfield></datafield><datafield ind1=' ' ind2=' ' tag='538'><subfield code='a'>Mode of access: Internet.</subfield></datafield><datafield ind1=' ' ind2=' ' tag='CID'><subfield code='a'>000000144</subfield></datafield><datafield ind1='0' ind2=' ' tag='DAT'><subfield code='a'>20130211144559.0</subfield><subfield code='b'>20130211000000.0</subfield></datafield><datafield ind1='1' ind2=' ' tag='DAT'><subfield code='a'>20130214102355.0</subfield><subfield code='b'>2013-08-01T02:28:59Z</subfield></datafield><datafield ind1='2' ind2=' ' tag='DAT'><subfield code='a'>2012-06-19T06:30:23Z</subfield></datafield><datafield ind1=' ' ind2=' ' tag='CAT'><subfield code='a'>SDR-MIU</subfield><subfield code='d'>EX LIBRIS - ALEPH</subfield><subfield code='l'>loader.pl-002-002</subfield></datafield><datafield ind1=' ' ind2=' ' tag='FMT'><subfield code='a'>BK</subfield></datafield><datafield ind1=' ' ind2=' ' tag='HOL'><subfield code='0'>sdr-miu000000144</subfield><subfield code='a'>MiU</subfield><subfield code='b'>SDR</subfield><subfield code='c'>MIU</subfield><subfield code='p'>mdp.39015054103471</subfield><subfield code='s'>MIU</subfield><subfield code='1'>000000144</subfield></datafield><datafield ind1=' ' ind2=' ' tag='974'><subfield code='b'>MIU</subfield><subfield code='c'>MIU</subfield><subfield code='d'>20130801</subfield><subfield code='s'>google</subfield><subfield code='u'>mdp.39015054103471</subfield><subfield code='r'>ic</subfield></datafield></record>