
<record><leader>00569nam a22002171  4500</leader><controlfield tag='001'>000000147</controlfield><controlfield tag='003'>MiAaHDL</controlfield><controlfield tag='005'>20090407000000.0</controlfield><controlfield tag='006'>m        d        </controlfield><controlfield tag='007'>cr bn ---auaua</controlfield><controlfield tag='008'>841007s1969    nyua          00110 eng  </controlfield><datafield ind1=' ' ind2=' ' tag='010'><subfield code='a'>   69018715</subfield></datafield><datafield ind1=' ' ind2=' ' tag='035'><subfield code='a'>sdr-nrlfGLAD201371-B</subfield></datafield><datafield ind1=' ' ind2=' ' tag='035'><subfield code='a'>(OCoLC)214045392</subfield></datafield><datafield ind1='0' ind2=' ' tag='050'><subfield code='a'>QB981</subfield><subfield code='b'>.H68</subfield></datafield><datafield ind1=' ' ind2=' ' tag='082'><subfield code='a'>523.1</subfield></datafield><datafield ind1=' ' ind2=' ' tag='090'><subfield code='a'> QB981</subfield><subfield code='b'>.H58</subfield></datafield><datafield ind1=' ' ind2=' ' tag='090'><subfield code='a'> QB981</subfield><subfield code='b'>.H68</subfield></datafield><datafield ind1=' ' ind2=' ' tag='035'><subfield code='a'>(OCoLC)13033</subfield></datafield><datafield ind1='1' ind2='0' tag='100'><subfield code='a'>Hodge, Paul W.</subfield></datafield><datafield ind1='1' ind2=' ' tag='245'><subfield code='a'>Concepts of the Universe</subfield><subfield code='c'>[by] Paul W. Hodge.</subfield></datafield><datafield ind1='0' ind2=' ' tag='260'><subfield code='a'>New York,</subfield><subfield code='b'>McGraw-Hill</subfield><subfield code='c'>[1969]</subfield></datafield><datafield ind1=' ' ind2=' ' tag='300'><subfield code='a'>125 p.</subfield><subfield code='b'>illus.</subfield><subfield code='c'>21 cm.</subfield></datafield><datafield ind1=' ' ind2=' ' tag='538'><subfield code='a'>Mode of access: Internet.</subfield></datafield><datafield ind1='0' ind2='0' tag='650'><subfield code='a'>Cosmology.</subfield></datafield><datafield ind1=' ' ind2=' ' tag='CID'><subfield code='a'>000000147</subfield></datafield><datafield ind1='0' ind2=' ' tag='DAT'><subfield code='a'>20080721105940.0</subfield><subfield code='b'>20090407000000.0</subfield></datafield><datafield ind1='1' ind2=' ' tag='DAT'><subfield code='a'>20120815184702.0</subfield><subfield code='b'>2013-08-04T23:22:44Z</subfield></datafield><datafield ind1='2' ind2=' ' tag='DAT'><subfield code='a'>2010-09-17T07:31:08Z</subfield></datafield><datafield ind1=' ' ind2=' ' tag='CAT'><subfield code='a'>SDR-NRLF</subfield><subfield code='d'>LOCAL - GLADIS</subfield><subfield code='l'>loader.pl-001-001</subfield></datafield><datafield ind1=' ' ind2=' ' tag='FMT'><subfield code='a'>BK</subfield></datafield><datafield ind1=' ' ind2=' ' tag='HOL'><subfield code='0'>sdr-nrlfGLAD201371-B</subfield><subfield code='a'>uc1</subfield><subfield code='b'>SDR</subfield><subfield code='c'>NRLF</subfield><subfield code='p'>uc1.b4309468</subfield><subfield code='s'>UC</subfield><subfield code='1'>GLAD201371-B</subfield></datafield><datafield ind1=' ' ind2=' ' tag='974'><subfield code='b'>UC</subfield><subfield code='c'>NRLF</subfield><subfield code='d'>20130804</subfield><subfield code='s'>google</subfield><subfield code='u'>uc1.b4309468</subfield><subfield code='r'>ic</subfield></datafield></record>