
<record><leader>00722nam a22002411  4500</leader><controlfield tag='001'>000000148</controlfield><controlfield tag='003'>MiAaHDL</controlfield><controlfield tag='005'>20090408000000.0</controlfield><controlfield tag='006'>m        d        </controlfield><controlfield tag='007'>cr bn ---auaua</controlfield><controlfield tag='008'>860311s1969    vau           00000 eng  </controlfield><datafield ind1=' ' ind2=' ' tag='010'><subfield code='a'>   69018860</subfield></datafield><datafield ind1=' ' ind2=' ' tag='020'><subfield code='a'>813902576</subfield></datafield><datafield ind1=' ' ind2=' ' tag='035'><subfield code='a'>sdr-nrlfGLAD50710384-B</subfield></datafield><datafield ind1=' ' ind2=' ' tag='035'><subfield code='a'>(OCoLC)13060</subfield></datafield><datafield ind1=' ' ind2=' ' tag='040'><subfield code='a'>DLC</subfield><subfield code='c'>DLC</subfield><subfield code='d'>CUY</subfield></datafield><datafield ind1='0' ind2=' ' tag='050'><subfield code='a'>PS613</subfield><subfield code='b'>.P6</subfield></datafield><datafield ind1=' ' ind2=' ' tag='082'><subfield code='a'>811/.5/08</subfield></datafield><datafield ind1=' ' ind2=' ' tag='090'><subfield code='a'> PS613</subfield><subfield code='b'>.P6</subfield></datafield><datafield ind1='0' ind2=' ' tag='245'><subfield code='a'>Poems from the Virginia quarterly review, 1925-1967.</subfield></datafield><datafield ind1='0' ind2=' ' tag='260'><subfield code='a'>Charlottesville,</subfield><subfield code='b'>University Press of Virginia</subfield><subfield code='c'>[1969]</subfield></datafield><datafield ind1=' ' ind2=' ' tag='300'><subfield code='a'>xiv, 259 p.</subfield><subfield code='c'>25 cm.</subfield></datafield><datafield ind1=' ' ind2=' ' tag='350'><subfield code='a'>8.75</subfield></datafield><datafield ind1=' ' ind2=' ' tag='538'><subfield code='a'>Mode of access: Internet.</subfield></datafield><datafield ind1=' ' ind2='0' tag='650'><subfield code='a'>English poetry</subfield><subfield code='y'>20th century.</subfield></datafield><datafield ind1=' ' ind2='0' tag='650'><subfield code='a'>American poetry</subfield><subfield code='y'>20th century.</subfield></datafield><datafield ind1=' ' ind2='1' tag='730'><subfield code='a'>Virginia quarterly review.</subfield></datafield><datafield ind1=' ' ind2=' ' tag='CID'><subfield code='a'>000000148</subfield></datafield><datafield ind1='0' ind2=' ' tag='DAT'><subfield code='a'>20070815110451.0</subfield><subfield code='b'>20090408000000.0</subfield></datafield><datafield ind1='1' ind2=' ' tag='DAT'><subfield code='a'>20120815205219.0</subfield><subfield code='b'>2013-08-06T13:29:01Z</subfield></datafield><datafield ind1='2' ind2=' ' tag='DAT'><subfield code='a'>2009-10-12T12:30:11Z</subfield></datafield><datafield ind1=' ' ind2=' ' tag='CAT'><subfield code='a'>SDR-NRLF</subfield><subfield code='d'>LOCAL - GLADIS</subfield><subfield code='l'>loader.pl-001-001</subfield></datafield><datafield ind1=' ' ind2=' ' tag='FMT'><subfield code='a'>BK</subfield></datafield><datafield ind1=' ' ind2=' ' tag='HOL'><subfield code='0'>sdr-nrlfGLAD50710384-B</subfield><subfield code='a'>uc1</subfield><subfield code='b'>SDR</subfield><subfield code='c'>NRLF</subfield><subfield code='p'>uc1.b3472968</subfield><subfield code='s'>UC</subfield><subfield code='1'>GLAD50710384-B</subfield></datafield><datafield ind1=' ' ind2=' ' tag='974'><subfield code='b'>UC</subfield><subfield code='c'>NRLF</subfield><subfield code='d'>20130806</subfield><subfield code='s'>google</subfield><subfield code='u'>uc1.b3472968</subfield><subfield code='r'>ic</subfield></datafield></record>