
<record><leader>01042mam a2200325   4500</leader><controlfield tag='001'>000000149</controlfield><controlfield tag='003'>MiAaHDL</controlfield><controlfield tag='005'>20071024000000.0</controlfield><controlfield tag='006'>m        d        </controlfield><controlfield tag='007'>cr bn ---auaua</controlfield><controlfield tag='008'>690905s1969    nyu      b    000 0 eng  </controlfield><datafield ind1=' ' ind2=' ' tag='010'><subfield code='a'>   69019321 //r852</subfield></datafield><datafield ind1=' ' ind2=' ' tag='015'><subfield code='a'>GB70-13208</subfield></datafield><datafield ind1=' ' ind2=' ' tag='020'><subfield code='a'>0275025128</subfield></datafield><datafield ind1=' ' ind2=' ' tag='035'><subfield code='a'>sdr-wu2310137</subfield></datafield><datafield ind1=' ' ind2=' ' tag='035'><subfield code='a'>sdr-nrlfGLAD185033969-B</subfield></datafield><datafield ind1=' ' ind2=' ' tag='035'><subfield code='a'>(OCoLC)13164</subfield></datafield><datafield ind1=' ' ind2=' ' tag='040'><subfield code='a'>DLC</subfield><subfield code='c'>DLC</subfield><subfield code='d'>UKM</subfield><subfield code='d'>GZM</subfield></datafield><datafield ind1=' ' ind2=' ' tag='043'><subfield code='a'>d------</subfield></datafield><datafield ind1='0' ind2=' ' tag='050'><subfield code='a'>T174.3</subfield><subfield code='b'>.B36</subfield></datafield><datafield ind1='0' ind2='0' tag='082'><subfield code='a'>301.2/4</subfield></datafield><datafield ind1='1' ind2=' ' tag='100'><subfield code='a'>Baranson, Jack.</subfield></datafield><datafield ind1='1' ind2='0' tag='245'><subfield code='a'>Industrial technologies for developing economics.</subfield><subfield code='c'>Introd. by Walter A. Chudson.</subfield></datafield><datafield ind1=' ' ind2=' ' tag='260'><subfield code='a'>New York,</subfield><subfield code='b'>Praeger</subfield><subfield code='c'>[1969]</subfield></datafield><datafield ind1=' ' ind2=' ' tag='300'><subfield code='a'>xiii, 168 p.</subfield><subfield code='c'>25 cm.</subfield></datafield><datafield ind1=' ' ind2='0' tag='490'><subfield code='a'>Praeger special studies in international economics and development</subfield></datafield><datafield ind1=' ' ind2=' ' tag='504'><subfield code='a'>Bibliography: p. 145-168.</subfield></datafield><datafield ind1=' ' ind2=' ' tag='538'><subfield code='a'>Mode of access: Internet.</subfield></datafield><datafield ind1=' ' ind2='7' tag='650'><subfield code='a'>Technology and technological change.</subfield><subfield code='2'>ltcsh</subfield></datafield><datafield ind1=' ' ind2='7' tag='650'><subfield code='a'>Economic development.</subfield><subfield code='2'>ltcsh</subfield></datafield><datafield ind1=' ' ind2='7' tag='650'><subfield code='a'>Underdeveloped areas.</subfield><subfield code='2'>ltcsh</subfield></datafield><datafield ind1=' ' ind2='7' tag='650'><subfield code='a'>Industries and industrialization.</subfield><subfield code='2'>ltcsh</subfield></datafield><datafield ind1=' ' ind2='0' tag='650'><subfield code='a'>Economic development.</subfield></datafield><datafield ind1=' ' ind2='0' tag='650'><subfield code='a'>Technology transfer</subfield><subfield code='z'>Developing countries.</subfield></datafield><datafield ind1=' ' ind2=' ' tag='CID'><subfield code='a'>000000149</subfield></datafield><datafield ind1='0' ind2=' ' tag='DAT'><subfield code='a'>20071024102508.0</subfield><subfield code='b'>20071024000000.0</subfield></datafield><datafield ind1='1' ind2=' ' tag='DAT'><subfield code='a'>20120815133207.0</subfield><subfield code='b'>2013-08-01T03:40:08Z</subfield></datafield><datafield ind1='2' ind2=' ' tag='DAT'><subfield code='a'>2012-05-19T06:30:34Z</subfield></datafield><datafield ind1=' ' ind2=' ' tag='CAT'><subfield code='a'>SDR-WU</subfield><subfield code='d'>UNKNOWN</subfield><subfield code='l'>loader.pl-001-001</subfield></datafield><datafield ind1=' ' ind2=' ' tag='FMT'><subfield code='a'>BK</subfield></datafield><datafield ind1=' ' ind2=' ' tag='HOL'><subfield code='0'>sdr-wu2310137</subfield><subfield code='a'>wu</subfield><subfield code='b'>SDR</subfield><subfield code='c'>WU</subfield><subfield code='p'>wu.89062582440</subfield><subfield code='s'>WU</subfield><subfield code='1'>2310137</subfield></datafield><datafield ind1=' ' ind2=' ' tag='974'><subfield code='b'>WU</subfield><subfield code='c'>WU</subfield><subfield code='d'>20130801</subfield><subfield code='s'>google</subfield><subfield code='u'>wu.89062582440</subfield><subfield code='r'>ic</subfield></datafield><datafield ind1=' ' ind2=' ' tag='974'><subfield code='b'>UC</subfield><subfield code='c'>NRLF</subfield><subfield code='d'>20130805</subfield><subfield code='s'>google</subfield><subfield code='u'>uc1.b4527509</subfield><subfield code='r'>ic</subfield></datafield></record>