
<record><leader>00926nam a22003131  4500</leader><controlfield tag='001'>000000152</controlfield><controlfield tag='003'>MiAaHDL</controlfield><controlfield tag='005'>20130211000000.0</controlfield><controlfield tag='006'>m        d        </controlfield><controlfield tag='007'>cr bn ---auaua</controlfield><controlfield tag='008'>880715s1969    tnu      b   |00110 eng  </controlfield><datafield ind1=' ' ind2=' ' tag='010'><subfield code='a'>69019742</subfield></datafield><datafield ind1=' ' ind2=' ' tag='020'><subfield code='a'>0687308240</subfield></datafield><datafield ind1=' ' ind2=' ' tag='035'><subfield code='a'>(MiU)000000152</subfield></datafield><datafield ind1=' ' ind2=' ' tag='035'><subfield code='a'>sdr-miu000000152</subfield></datafield><datafield ind1=' ' ind2=' ' tag='035'><subfield code='a'>(OCoLC)13260</subfield></datafield><datafield ind1=' ' ind2=' ' tag='035'><subfield code='a'>(CaOTULAS)159818192</subfield></datafield><datafield ind1=' ' ind2=' ' tag='035'><subfield code='a'>(RLIN)MIUG0013260-B</subfield></datafield><datafield ind1=' ' ind2=' ' tag='040'><subfield code='a'>DLC</subfield><subfield code='c'>DLC</subfield><subfield code='d'>MiU</subfield><subfield code='d'>CStRLIN</subfield></datafield><datafield ind1=' ' ind2='4' tag='050'><subfield code='a'>BD444</subfield><subfield code='b'>.M51</subfield></datafield><datafield ind1=' ' ind2=' ' tag='082'><subfield code='a'>236/.1</subfield></datafield><datafield ind1='1' ind2=' ' tag='100'><subfield code='a'>Mills, Liston O.</subfield><subfield code='e'>comp.</subfield></datafield><datafield ind1='1' ind2='0' tag='245'><subfield code='a'>Perspectives on death.</subfield><subfield code='c'>Liston O. Mills, editor.</subfield></datafield><datafield ind1=' ' ind2=' ' tag='260'><subfield code='a'>Nashville,</subfield><subfield code='b'>Abingdon Press</subfield><subfield code='c'>[1969]</subfield></datafield><datafield ind1=' ' ind2=' ' tag='300'><subfield code='a'>288 p.</subfield><subfield code='c'>23 cm.</subfield></datafield><datafield ind1=' ' ind2=' ' tag='500'><subfield code='a'>Essays by L. H. Silberman and others originally presented as lectures at Vanderbilt University in 1967.</subfield></datafield><datafield ind1=' ' ind2=' ' tag='504'><subfield code='a'>Bibliographical footnotes.</subfield></datafield><datafield ind1=' ' ind2=' ' tag='538'><subfield code='a'>Mode of access: Internet.</subfield></datafield><datafield ind1=' ' ind2='2' tag='650'><subfield code='a'>Death.</subfield></datafield><datafield ind1=' ' ind2='0' tag='650'><subfield code='a'>Death</subfield></datafield><datafield ind1=' ' ind2=' ' tag='CID'><subfield code='a'>000000152</subfield></datafield><datafield ind1='0' ind2=' ' tag='DAT'><subfield code='a'>20130211144559.0</subfield><subfield code='b'>20130211000000.0</subfield></datafield><datafield ind1='1' ind2=' ' tag='DAT'><subfield code='a'>20130214102355.0</subfield><subfield code='b'>2013-08-01T02:29:00Z</subfield></datafield><datafield ind1='2' ind2=' ' tag='DAT'><subfield code='a'>2012-07-07T07:18:30Z</subfield></datafield><datafield ind1=' ' ind2=' ' tag='CAT'><subfield code='a'>SDR-MIU</subfield><subfield code='d'>EX LIBRIS - ALEPH</subfield><subfield code='l'>loader.pl-002-002</subfield></datafield><datafield ind1=' ' ind2=' ' tag='FMT'><subfield code='a'>BK</subfield></datafield><datafield ind1=' ' ind2=' ' tag='HOL'><subfield code='0'>sdr-miu000000152</subfield><subfield code='a'>MiU</subfield><subfield code='b'>SDR</subfield><subfield code='c'>MIU</subfield><subfield code='p'>mdp.39015010150350</subfield><subfield code='s'>MIU</subfield><subfield code='1'>000000152</subfield></datafield><datafield ind1=' ' ind2=' ' tag='974'><subfield code='b'>MIU</subfield><subfield code='c'>MIU</subfield><subfield code='d'>20130801</subfield><subfield code='s'>google</subfield><subfield code='u'>mdp.39015010150350</subfield><subfield code='r'>ic</subfield></datafield></record>