
<record><leader>00869nam a22002891  4500</leader><controlfield tag='001'>000000153</controlfield><controlfield tag='003'>MiAaHDL</controlfield><controlfield tag='005'>20130211000000.0</controlfield><controlfield tag='006'>m        d        </controlfield><controlfield tag='007'>cr bn ---auaua</controlfield><controlfield tag='008'>880715s1967    caua     b   |00000 eng  </controlfield><datafield ind1=' ' ind2=' ' tag='010'><subfield code='a'>70004789</subfield></datafield><datafield ind1=' ' ind2=' ' tag='035'><subfield code='a'>(MiU)000000153</subfield></datafield><datafield ind1=' ' ind2=' ' tag='035'><subfield code='a'>sdr-miu000000153</subfield></datafield><datafield ind1=' ' ind2=' ' tag='035'><subfield code='a'>(OCoLC)13509</subfield></datafield><datafield ind1=' ' ind2=' ' tag='035'><subfield code='a'>(CaOTULAS)159818193</subfield></datafield><datafield ind1=' ' ind2=' ' tag='035'><subfield code='a'>(RLIN)MIUG0013509-B</subfield></datafield><datafield ind1=' ' ind2=' ' tag='040'><subfield code='a'>DLC</subfield><subfield code='c'>DLC</subfield><subfield code='d'>MiU</subfield></datafield><datafield ind1=' ' ind2='4' tag='050'><subfield code='a'>U168</subfield><subfield code='b'>.S61</subfield></datafield><datafield ind1=' ' ind2=' ' tag='082'><subfield code='a'>658.7</subfield></datafield><datafield ind1='2' ind2=' ' tag='110'><subfield code='a'>Society of Logistics Engineers.</subfield></datafield><datafield ind1='1' ind2='0' tag='245'><subfield code='a'>Logistics in the seventies;</subfield><subfield code='b'>proceedings of second annual convention, September 19-20, 1967.</subfield></datafield><datafield ind1=' ' ind2=' ' tag='260'><subfield code='a'>[Long Beach, Calif.,</subfield><subfield code='c'>1967?]</subfield></datafield><datafield ind1=' ' ind2=' ' tag='300'><subfield code='a'>x, 296 p.</subfield><subfield code='b'>illus.</subfield><subfield code='c'>28 cm.</subfield></datafield><datafield ind1=' ' ind2=' ' tag='504'><subfield code='a'>Includes bibliographies.</subfield></datafield><datafield ind1=' ' ind2=' ' tag='538'><subfield code='a'>Mode of access: Internet.</subfield></datafield><datafield ind1=' ' ind2='0' tag='650'><subfield code='a'>Industrial engineering</subfield><subfield code='x'>Congresses.</subfield></datafield><datafield ind1=' ' ind2='0' tag='650'><subfield code='a'>Logistics</subfield><subfield code='x'>Congresses.</subfield></datafield><datafield ind1=' ' ind2=' ' tag='CID'><subfield code='a'>000000153</subfield></datafield><datafield ind1='0' ind2=' ' tag='DAT'><subfield code='a'>20130211144559.0</subfield><subfield code='b'>20130211000000.0</subfield></datafield><datafield ind1='1' ind2=' ' tag='DAT'><subfield code='a'>20130214102355.0</subfield><subfield code='b'>2013-08-01T02:29:00Z</subfield></datafield><datafield ind1='2' ind2=' ' tag='DAT'><subfield code='a'>2008-10-13T09:30:39Z</subfield></datafield><datafield ind1=' ' ind2=' ' tag='CAT'><subfield code='a'>SDR-MIU</subfield><subfield code='d'>EX LIBRIS - ALEPH</subfield><subfield code='l'>loader.pl-002-002</subfield></datafield><datafield ind1=' ' ind2=' ' tag='FMT'><subfield code='a'>BK</subfield></datafield><datafield ind1=' ' ind2=' ' tag='HOL'><subfield code='0'>sdr-miu000000153</subfield><subfield code='a'>MiU</subfield><subfield code='b'>SDR</subfield><subfield code='c'>MIU</subfield><subfield code='p'>mdp.39015002096611</subfield><subfield code='s'>MIU</subfield><subfield code='1'>000000153</subfield></datafield><datafield ind1=' ' ind2=' ' tag='974'><subfield code='b'>MIU</subfield><subfield code='c'>MIU</subfield><subfield code='d'>20130801</subfield><subfield code='s'>google</subfield><subfield code='u'>mdp.39015002096611</subfield><subfield code='r'>ic</subfield></datafield></record>