
<record><leader>00740mam a2200229   4500</leader><controlfield tag='001'>000000154</controlfield><controlfield tag='003'>MiAaHDL</controlfield><controlfield tag='005'>20080115000000.0</controlfield><controlfield tag='006'>m        d        </controlfield><controlfield tag='007'>cr bn ---auaua</controlfield><controlfield tag='008'>690626s1969    dcuab    b    000 0 eng  </controlfield><datafield ind1=' ' ind2=' ' tag='010'><subfield code='a'>   70075182 </subfield></datafield><datafield ind1=' ' ind2=' ' tag='020'><subfield code='a'>0801810272</subfield></datafield><datafield ind1=' ' ind2=' ' tag='035'><subfield code='a'>sdr-wu1876491</subfield></datafield><datafield ind1=' ' ind2=' ' tag='035'><subfield code='a'>(OCoLC)13631</subfield></datafield><datafield ind1=' ' ind2=' ' tag='040'><subfield code='a'>DLC</subfield><subfield code='c'>DLC</subfield><subfield code='d'>m.c.</subfield><subfield code='d'>SER</subfield></datafield><datafield ind1='0' ind2=' ' tag='050'><subfield code='a'>HD1697.G7</subfield><subfield code='b'>C7</subfield></datafield><datafield ind1=' ' ind2=' ' tag='082'><subfield code='a'>354.42/00871</subfield></datafield><datafield ind1='1' ind2=' ' tag='100'><subfield code='a'>Craine, Lyle Eggleston,</subfield><subfield code='d'>1908-</subfield></datafield><datafield ind1='1' ind2='0' tag='245'><subfield code='a'>Water management innovations in England</subfield><subfield code='c'>[by] Lyle E. Craine.</subfield></datafield><datafield ind1=' ' ind2=' ' tag='260'><subfield code='a'>Washington,</subfield><subfield code='b'>Resources for the Future; distributed by Johns Hopkins Press, Baltimore</subfield><subfield code='c'>[1969]</subfield></datafield><datafield ind1=' ' ind2=' ' tag='300'><subfield code='a'>x, 123 p.</subfield><subfield code='b'>illus., maps.</subfield><subfield code='c'>23 cm.</subfield></datafield><datafield ind1=' ' ind2=' ' tag='504'><subfield code='a'>Bibliographical footnotes.</subfield></datafield><datafield ind1=' ' ind2=' ' tag='538'><subfield code='a'>Mode of access: Internet.</subfield></datafield><datafield ind1=' ' ind2='0' tag='650'><subfield code='a'>Water resources development</subfield><subfield code='z'>Great Britain.</subfield></datafield><datafield ind1=' ' ind2=' ' tag='CID'><subfield code='a'>000000154</subfield></datafield><datafield ind1='0' ind2=' ' tag='DAT'><subfield code='a'>20080116123203.0</subfield><subfield code='b'>20080115000000.0</subfield></datafield><datafield ind1='1' ind2=' ' tag='DAT'><subfield code='a'>20120815134629.0</subfield><subfield code='b'>2013-08-01T07:34:16Z</subfield></datafield><datafield ind1='2' ind2=' ' tag='DAT'><subfield code='a'>2012-05-05T06:30:44Z</subfield></datafield><datafield ind1=' ' ind2=' ' tag='CAT'><subfield code='a'>SDR-WU</subfield><subfield code='d'>UNKNOWN</subfield><subfield code='l'>loader.pl-001-001</subfield></datafield><datafield ind1=' ' ind2=' ' tag='FMT'><subfield code='a'>BK</subfield></datafield><datafield ind1=' ' ind2=' ' tag='HOL'><subfield code='0'>sdr-wu1876491</subfield><subfield code='a'>wu</subfield><subfield code='b'>SDR</subfield><subfield code='c'>WU</subfield><subfield code='p'>wu.89046870630</subfield><subfield code='s'>WU</subfield><subfield code='1'>1876491</subfield></datafield><datafield ind1=' ' ind2=' ' tag='974'><subfield code='b'>WU</subfield><subfield code='c'>WU</subfield><subfield code='d'>20130801</subfield><subfield code='s'>google</subfield><subfield code='u'>wu.89046870630</subfield><subfield code='r'>ic</subfield></datafield></record>