
<record><leader>00862nam a22002891  4500</leader><controlfield tag='001'>000000156</controlfield><controlfield tag='003'>MiAaHDL</controlfield><controlfield tag='005'>20130211000000.0</controlfield><controlfield tag='006'>m        d        </controlfield><controlfield tag='007'>cr bn ---auaua</controlfield><controlfield tag='008'>880715s1969    nyua         |00110 eng  </controlfield><datafield ind1=' ' ind2=' ' tag='010'><subfield code='a'>70084237</subfield></datafield><datafield ind1=' ' ind2=' ' tag='035'><subfield code='a'>(MiU)000000156</subfield></datafield><datafield ind1=' ' ind2=' ' tag='035'><subfield code='a'>sdr-miu000000156</subfield></datafield><datafield ind1=' ' ind2=' ' tag='035'><subfield code='a'>(OCoLC)13838</subfield></datafield><datafield ind1=' ' ind2=' ' tag='035'><subfield code='a'>(CaOTULAS)159818196</subfield></datafield><datafield ind1=' ' ind2=' ' tag='035'><subfield code='a'>(RLIN)MIUG0013838-B</subfield></datafield><datafield ind1=' ' ind2=' ' tag='040'><subfield code='a'>DLC</subfield><subfield code='c'>DLC</subfield><subfield code='d'>MiU</subfield></datafield><datafield ind1='0' ind2=' ' tag='050'><subfield code='a'>QC174.5</subfield><subfield code='b'>.B46 1969</subfield></datafield><datafield ind1=' ' ind2=' ' tag='082'><subfield code='a'>530.15</subfield></datafield><datafield ind1='1' ind2=' ' tag='100'><subfield code='a'>Bhagavantam, S.</subfield></datafield><datafield ind1='1' ind2='0' tag='245'><subfield code='a'>Theory of groups and its application to physical problems</subfield><subfield code='c'>[by] S. Bhagavantam and T. Venkatarayudu.</subfield></datafield><datafield ind1=' ' ind2=' ' tag='260'><subfield code='a'>New York,</subfield><subfield code='b'>Academic Press,</subfield><subfield code='c'>1969.</subfield></datafield><datafield ind1=' ' ind2=' ' tag='300'><subfield code='a'>xii, 279 p.</subfield><subfield code='b'>illus.</subfield><subfield code='c'>24 cm.</subfield></datafield><datafield ind1=' ' ind2=' ' tag='538'><subfield code='a'>Mode of access: Internet.</subfield></datafield><datafield ind1=' ' ind2='0' tag='650'><subfield code='a'>Mathematical physics</subfield></datafield><datafield ind1=' ' ind2='0' tag='650'><subfield code='a'>Group theory.</subfield></datafield><datafield ind1='1' ind2=' ' tag='700'><subfield code='a'>Venkatarayudu, T.,</subfield><subfield code='e'>joint author.</subfield></datafield><datafield ind1=' ' ind2=' ' tag='CID'><subfield code='a'>000000156</subfield></datafield><datafield ind1='0' ind2=' ' tag='DAT'><subfield code='a'>20130211144559.0</subfield><subfield code='b'>20130211000000.0</subfield></datafield><datafield ind1='1' ind2=' ' tag='DAT'><subfield code='a'>20130214102355.0</subfield><subfield code='b'>2013-08-01T02:29:00Z</subfield></datafield><datafield ind1='2' ind2=' ' tag='DAT'><subfield code='a'>2010-02-17T11:30:05Z</subfield></datafield><datafield ind1=' ' ind2=' ' tag='CAT'><subfield code='a'>SDR-MIU</subfield><subfield code='d'>EX LIBRIS - ALEPH</subfield><subfield code='l'>loader.pl-002-002</subfield></datafield><datafield ind1=' ' ind2=' ' tag='FMT'><subfield code='a'>BK</subfield></datafield><datafield ind1=' ' ind2=' ' tag='HOL'><subfield code='0'>sdr-miu000000156</subfield><subfield code='a'>MiU</subfield><subfield code='b'>SDR</subfield><subfield code='c'>MIU</subfield><subfield code='p'>mdp.39015017309421</subfield><subfield code='s'>MIU</subfield><subfield code='1'>000000156</subfield></datafield><datafield ind1=' ' ind2=' ' tag='974'><subfield code='b'>MIU</subfield><subfield code='c'>MIU</subfield><subfield code='d'>20130801</subfield><subfield code='s'>google</subfield><subfield code='u'>mdp.39015017309421</subfield><subfield code='r'>ic</subfield></datafield><datafield ind1=' ' ind2=' ' tag='974'><subfield code='b'>MIU</subfield><subfield code='c'>MIU</subfield><subfield code='d'>20130801</subfield><subfield code='s'>google</subfield><subfield code='u'>mdp.39015017126981</subfield><subfield code='r'>ic</subfield></datafield><datafield ind1=' ' ind2=' ' tag='974'><subfield code='b'>MIU</subfield><subfield code='c'>MIU</subfield><subfield code='d'>20130801</subfield><subfield code='s'>google</subfield><subfield code='u'>mdp.39015017309439</subfield><subfield code='r'>ic</subfield></datafield></record>