
<record><leader>00832nam a22002771  4500</leader><controlfield tag='001'>000000158</controlfield><controlfield tag='003'>MiAaHDL</controlfield><controlfield tag='005'>20130211000000.0</controlfield><controlfield tag='006'>m        d        </controlfield><controlfield tag='007'>cr bn ---auaua</controlfield><controlfield tag='008'>880715s1967    rur          |00010 eng  </controlfield><datafield ind1=' ' ind2=' ' tag='010'><subfield code='a'>70395314</subfield></datafield><datafield ind1=' ' ind2=' ' tag='015'><subfield code='a'>USSR68-483</subfield></datafield><datafield ind1=' ' ind2=' ' tag='035'><subfield code='a'>(MiU)000000158</subfield></datafield><datafield ind1=' ' ind2=' ' tag='035'><subfield code='a'>sdr-miu000000158</subfield></datafield><datafield ind1=' ' ind2=' ' tag='035'><subfield code='a'>(OCoLC)14218</subfield></datafield><datafield ind1=' ' ind2=' ' tag='035'><subfield code='a'>(CaOTULAS)159818198</subfield></datafield><datafield ind1=' ' ind2=' ' tag='035'><subfield code='a'>(RLIN)MIUG0014218-B</subfield></datafield><datafield ind1=' ' ind2=' ' tag='040'><subfield code='a'>DLC</subfield><subfield code='c'>DLC</subfield><subfield code='d'>MiU</subfield></datafield><datafield ind1=' ' ind2='4' tag='050'><subfield code='a'>HD1992</subfield><subfield code='b'>.L3871</subfield></datafield><datafield ind1=' ' ind2=' ' tag='082'><subfield code='a'>338.1/0947</subfield></datafield><datafield ind1='1' ind2=' ' tag='100'><subfield code='a'>Lemeshev, M. IA.</subfield><subfield code='q'>(Mikhail IAkovlevich)</subfield></datafield><datafield ind1='1' ind2='0' tag='245'><subfield code='a'>Agriculture in the USSR</subfield><subfield code='c'>[by] Mikhail Lemeshev.</subfield></datafield><datafield ind1=' ' ind2=' ' tag='260'><subfield code='a'>Moscow,</subfield><subfield code='b'>Novosti Press Agency Publishing House</subfield><subfield code='c'>[1967]</subfield></datafield><datafield ind1=' ' ind2=' ' tag='300'><subfield code='a'>94 p. 12 l. of</subfield><subfield code='b'>illus.</subfield><subfield code='c'>17 cm.</subfield></datafield><datafield ind1=' ' ind2=' ' tag='538'><subfield code='a'>Mode of access: Internet.</subfield></datafield><datafield ind1=' ' ind2='0' tag='650'><subfield code='a'>Agriculture</subfield><subfield code='x'>Economic aspects</subfield><subfield code='z'>Soviet Union.</subfield></datafield><datafield ind1=' ' ind2=' ' tag='CID'><subfield code='a'>000000158</subfield></datafield><datafield ind1='0' ind2=' ' tag='DAT'><subfield code='a'>20130211144559.0</subfield><subfield code='b'>20130211000000.0</subfield></datafield><datafield ind1='1' ind2=' ' tag='DAT'><subfield code='a'>20130214102355.0</subfield><subfield code='b'>2013-09-11T20:51:03Z</subfield></datafield><datafield ind1='2' ind2=' ' tag='DAT'><subfield code='a'>2013-09-11T19:03:06Z</subfield></datafield><datafield ind1=' ' ind2=' ' tag='CAT'><subfield code='a'>SDR-MIU</subfield><subfield code='d'>EX LIBRIS - ALEPH</subfield><subfield code='l'>loader.pl-002-002</subfield></datafield><datafield ind1=' ' ind2=' ' tag='FMT'><subfield code='a'>BK</subfield></datafield><datafield ind1=' ' ind2=' ' tag='HOL'><subfield code='0'>sdr-miu000000158</subfield><subfield code='a'>MiU</subfield><subfield code='b'>SDR</subfield><subfield code='c'>MIU</subfield><subfield code='p'>mdp.39015024848577</subfield><subfield code='s'>MIU</subfield><subfield code='1'>000000158</subfield></datafield><datafield ind1=' ' ind2=' ' tag='974'><subfield code='b'>MIU</subfield><subfield code='c'>MIU</subfield><subfield code='d'>20130911</subfield><subfield code='s'>google</subfield><subfield code='u'>mdp.39015024848577</subfield><subfield code='r'>ic</subfield></datafield></record>