
<record><leader>00857nam a22002891  4500</leader><controlfield tag='001'>000000159</controlfield><controlfield tag='003'>MiAaHDL</controlfield><controlfield tag='005'>20130211000000.0</controlfield><controlfield tag='006'>m        d        </controlfield><controlfield tag='007'>cr bn ---auaua</controlfield><controlfield tag='008'>880715s1968    enka         |00000 eng  </controlfield><datafield ind1=' ' ind2=' ' tag='010'><subfield code='a'>70398690</subfield></datafield><datafield ind1=' ' ind2=' ' tag='015'><subfield code='a'>B69-04286</subfield></datafield><datafield ind1=' ' ind2=' ' tag='020'><subfield code='a'>0900448008</subfield><subfield code='c'>30/-</subfield></datafield><datafield ind1=' ' ind2=' ' tag='035'><subfield code='a'>(MiU)000000159</subfield></datafield><datafield ind1=' ' ind2=' ' tag='035'><subfield code='a'>sdr-miu000000159</subfield></datafield><datafield ind1=' ' ind2=' ' tag='035'><subfield code='a'>(OCoLC)14341</subfield></datafield><datafield ind1=' ' ind2=' ' tag='035'><subfield code='a'>(CaOTULAS)159818199</subfield></datafield><datafield ind1=' ' ind2=' ' tag='035'><subfield code='a'>(RLIN)MIUG0014341-B</subfield></datafield><datafield ind1=' ' ind2=' ' tag='040'><subfield code='a'>DLC</subfield><subfield code='c'>DLC</subfield><subfield code='d'>MiU</subfield></datafield><datafield ind1='0' ind2=' ' tag='050'><subfield code='a'>BM525</subfield><subfield code='b'>.G78</subfield></datafield><datafield ind1=' ' ind2=' ' tag='082'><subfield code='a'>296.1/6</subfield></datafield><datafield ind1='1' ind2=' ' tag='100'><subfield code='a'>Gray, William G.</subfield></datafield><datafield ind1='1' ind2='4' tag='245'><subfield code='a'>The ladder of lights;</subfield><subfield code='b'>or, Qabalah Renovata: a step by step guide to the Tree of Life and the Four Worlds of The Qabalists.</subfield></datafield><datafield ind1=' ' ind2=' ' tag='260'><subfield code='a'>Cheltenham (Glos,),</subfield><subfield code='b'>Helios Book Service,</subfield><subfield code='c'>1968.</subfield></datafield><datafield ind1=' ' ind2=' ' tag='300'><subfield code='a'>230 p.</subfield><subfield code='b'>1 illus.</subfield><subfield code='c'>22 cm.</subfield></datafield><datafield ind1=' ' ind2=' ' tag='538'><subfield code='a'>Mode of access: Internet.</subfield></datafield><datafield ind1=' ' ind2='0' tag='650'><subfield code='a'>Cabala</subfield></datafield><datafield ind1=' ' ind2=' ' tag='CID'><subfield code='a'>000000159</subfield></datafield><datafield ind1='0' ind2=' ' tag='DAT'><subfield code='a'>20130211144559.0</subfield><subfield code='b'>20130211000000.0</subfield></datafield><datafield ind1='1' ind2=' ' tag='DAT'><subfield code='a'>20130214102355.0</subfield><subfield code='b'>2013-08-01T02:29:01Z</subfield></datafield><datafield ind1='2' ind2=' ' tag='DAT'><subfield code='a'>2012-08-07T06:30:05Z</subfield></datafield><datafield ind1=' ' ind2=' ' tag='CAT'><subfield code='a'>SDR-MIU</subfield><subfield code='d'>EX LIBRIS - ALEPH</subfield><subfield code='l'>loader.pl-002-002</subfield></datafield><datafield ind1=' ' ind2=' ' tag='FMT'><subfield code='a'>BK</subfield></datafield><datafield ind1=' ' ind2=' ' tag='HOL'><subfield code='0'>sdr-miu000000159</subfield><subfield code='a'>MiU</subfield><subfield code='b'>SDR</subfield><subfield code='c'>MIU</subfield><subfield code='p'>mdp.39015005133395</subfield><subfield code='s'>MIU</subfield><subfield code='1'>000000159</subfield></datafield><datafield ind1=' ' ind2=' ' tag='974'><subfield code='b'>MIU</subfield><subfield code='c'>MIU</subfield><subfield code='d'>20130801</subfield><subfield code='s'>google</subfield><subfield code='u'>mdp.39015005133395</subfield><subfield code='r'>ic</subfield></datafield></record>