
<record><leader>00970nam a22003251  4500</leader><controlfield tag='001'>000000160</controlfield><controlfield tag='003'>MiAaHDL</controlfield><controlfield tag='005'>20130211000000.0</controlfield><controlfield tag='006'>m        d        </controlfield><controlfield tag='007'>cr bn ---auaua</controlfield><controlfield tag='008'>880715s1968    enka     b   |00110 eng  </controlfield><datafield ind1=' ' ind2=' ' tag='010'><subfield code='a'>70404836</subfield></datafield><datafield ind1=' ' ind2=' ' tag='015'><subfield code='a'>B69-0185</subfield></datafield><datafield ind1=' ' ind2=' ' tag='020'><subfield code='a'>0210226137</subfield><subfield code='c'>45/-</subfield></datafield><datafield ind1=' ' ind2=' ' tag='035'><subfield code='a'>(MiU)000000160</subfield></datafield><datafield ind1=' ' ind2=' ' tag='035'><subfield code='a'>sdr-miu000000160</subfield></datafield><datafield ind1=' ' ind2=' ' tag='035'><subfield code='a'>(OCoLC)14506</subfield></datafield><datafield ind1=' ' ind2=' ' tag='035'><subfield code='a'>(CaOTULAS)159818200</subfield></datafield><datafield ind1=' ' ind2=' ' tag='035'><subfield code='a'>(RLIN)MIUG0014506-B</subfield></datafield><datafield ind1=' ' ind2=' ' tag='040'><subfield code='a'>DLC</subfield><subfield code='c'>DLC</subfield><subfield code='d'>MiU</subfield></datafield><datafield ind1=' ' ind2='4' tag='050'><subfield code='a'>HD1295.I5</subfield><subfield code='b'>M381 1968</subfield></datafield><datafield ind1=' ' ind2=' ' tag='082'><subfield code='a'>336.2/78/630954</subfield></datafield><datafield ind1='1' ind2=' ' tag='100'><subfield code='a'>Mathew, Elangikal Thomas,</subfield><subfield code='d'>1928-</subfield></datafield><datafield ind1='1' ind2='0' tag='245'><subfield code='a'>Agricultural taxation and economic development in India</subfield><subfield code='c'>[by] E. T. Mathew.</subfield></datafield><datafield ind1=' ' ind2=' ' tag='260'><subfield code='a'>London,</subfield><subfield code='b'>Asia Publishing House,</subfield><subfield code='c'>1968.</subfield></datafield><datafield ind1=' ' ind2=' ' tag='300'><subfield code='a'>[8], 204 p.</subfield><subfield code='b'>illus.</subfield><subfield code='c'>23 cm.</subfield></datafield><datafield ind1=' ' ind2=' ' tag='504'><subfield code='a'>Bibliography: p. 197-200.</subfield></datafield><datafield ind1=' ' ind2=' ' tag='538'><subfield code='a'>Mode of access: Internet.</subfield></datafield><datafield ind1=' ' ind2='0' tag='650'><subfield code='a'>Taxation</subfield><subfield code='z'>India</subfield></datafield><datafield ind1=' ' ind2='0' tag='650'><subfield code='a'>Agriculture</subfield><subfield code='x'>Taxation</subfield><subfield code='z'>India.</subfield></datafield><datafield ind1=' ' ind2='0' tag='651'><subfield code='a'>India</subfield><subfield code='x'>Economic policy</subfield></datafield><datafield ind1=' ' ind2=' ' tag='CID'><subfield code='a'>000000160</subfield></datafield><datafield ind1='0' ind2=' ' tag='DAT'><subfield code='a'>20130211144559.0</subfield><subfield code='b'>20130211000000.0</subfield></datafield><datafield ind1='1' ind2=' ' tag='DAT'><subfield code='a'>20130214102355.0</subfield><subfield code='b'>2013-08-01T02:29:01Z</subfield></datafield><datafield ind1='2' ind2=' ' tag='DAT'><subfield code='a'>2007-12-21T22:30:09Z</subfield></datafield><datafield ind1=' ' ind2=' ' tag='CAT'><subfield code='a'>SDR-MIU</subfield><subfield code='d'>EX LIBRIS - ALEPH</subfield><subfield code='l'>loader.pl-002-002</subfield></datafield><datafield ind1=' ' ind2=' ' tag='FMT'><subfield code='a'>BK</subfield></datafield><datafield ind1=' ' ind2=' ' tag='HOL'><subfield code='0'>sdr-miu000000160</subfield><subfield code='a'>MiU</subfield><subfield code='b'>SDR</subfield><subfield code='c'>MIU</subfield><subfield code='p'>mdp.39015065438379</subfield><subfield code='s'>MIU</subfield><subfield code='1'>000000160</subfield></datafield><datafield ind1=' ' ind2=' ' tag='974'><subfield code='b'>MIU</subfield><subfield code='c'>MIU</subfield><subfield code='d'>20130801</subfield><subfield code='s'>google</subfield><subfield code='u'>mdp.39015065438379</subfield><subfield code='r'>ic</subfield></datafield></record>