
<record><leader>01207nam a22003011  4500</leader><controlfield tag='001'>000000161</controlfield><controlfield tag='003'>MiAaHDL</controlfield><controlfield tag='005'>20130211000000.0</controlfield><controlfield tag='006'>m        d        </controlfield><controlfield tag='007'>cr bn ---auaua</controlfield><controlfield tag='008'>880715s1969    gau      b   |00110 eng  </controlfield><datafield ind1=' ' ind2=' ' tag='010'><subfield code='a'>70601777</subfield></datafield><datafield ind1=' ' ind2=' ' tag='035'><subfield code='a'>(MiU)000000161</subfield></datafield><datafield ind1=' ' ind2=' ' tag='035'><subfield code='a'>sdr-miu000000161</subfield></datafield><datafield ind1=' ' ind2=' ' tag='035'><subfield code='a'>(OCoLC)14583</subfield></datafield><datafield ind1=' ' ind2=' ' tag='035'><subfield code='a'>(CaOTULAS)159818201</subfield></datafield><datafield ind1=' ' ind2=' ' tag='035'><subfield code='a'>(RLIN)MIUG0014583-B</subfield></datafield><datafield ind1=' ' ind2=' ' tag='040'><subfield code='a'>DLC</subfield><subfield code='c'>DLC</subfield><subfield code='d'>MiU</subfield></datafield><datafield ind1='0' ind2=' ' tag='050'><subfield code='a'>Z5814.T3</subfield><subfield code='b'>U54</subfield></datafield><datafield ind1=' ' ind2=' ' tag='082'><subfield code='a'>016.3713</subfield></datafield><datafield ind1='2' ind2=' ' tag='110'><subfield code='a'>National Communicable Disease Center (U.S.)</subfield></datafield><datafield ind1='1' ind2='0' tag='245'><subfield code='a'>Training methodology;</subfield><subfield code='b'>an annotated bibliography</subfield><subfield code='c'>[prepared by] National Communicable Disease Center [and] National Institute of Mental Health.</subfield></datafield><datafield ind1=' ' ind2=' ' tag='260'><subfield code='a'>Atlanta</subfield><subfield code='b'>[For sale by the Supt. of Docs., U.S. Govt. Print. Off., Washington,</subfield><subfield code='c'>1969]</subfield></datafield><datafield ind1=' ' ind2=' ' tag='300'><subfield code='a'>4 v.</subfield><subfield code='c'>26 cm.</subfield></datafield><datafield ind1='0' ind2=' ' tag='490'><subfield code='a'>Public Health Service publication no. 1862</subfield></datafield><datafield ind1='0' ind2=' ' tag='505'><subfield code='a'>pt. 1. Background theory and research.--pt. 2. Planning and administration.--pt. 3. Instructional methods and techniques.--pt. 4. Audiovisual theory, aids, and equipment.</subfield></datafield><datafield ind1=' ' ind2=' ' tag='538'><subfield code='a'>Mode of access: Internet.</subfield></datafield><datafield ind1=' ' ind2='0' tag='650'><subfield code='a'>Teachers</subfield><subfield code='x'>Training of</subfield><subfield code='x'>Bibliography.</subfield></datafield><datafield ind1='2' ind2=' ' tag='710'><subfield code='a'>National Institute of Mental Health (U.S.)</subfield></datafield><datafield ind1=' ' ind2=' ' tag='CID'><subfield code='a'>000000161</subfield></datafield><datafield ind1='0' ind2=' ' tag='DAT'><subfield code='a'>20130211144559.0</subfield><subfield code='b'>20130211000000.0</subfield></datafield><datafield ind1='1' ind2=' ' tag='DAT'><subfield code='a'>20130214102355.0</subfield><subfield code='b'>2013-08-01T02:29:01Z</subfield></datafield><datafield ind1='2' ind2=' ' tag='DAT'><subfield code='a'>2012-06-12T06:30:33Z</subfield></datafield><datafield ind1=' ' ind2=' ' tag='CAT'><subfield code='a'>SDR-MIU</subfield><subfield code='d'>EX LIBRIS - ALEPH</subfield><subfield code='l'>loader.pl-002-002</subfield></datafield><datafield ind1=' ' ind2=' ' tag='FMT'><subfield code='a'>BK</subfield></datafield><datafield ind1=' ' ind2=' ' tag='HOL'><subfield code='0'>sdr-miu000000161</subfield><subfield code='a'>MiU</subfield><subfield code='b'>SDR</subfield><subfield code='c'>MIU</subfield><subfield code='p'>mdp.39015074112494</subfield><subfield code='s'>MIU</subfield><subfield code='1'>000000161</subfield></datafield><datafield ind1=' ' ind2=' ' tag='974'><subfield code='b'>MIU</subfield><subfield code='c'>MIU</subfield><subfield code='d'>20130801</subfield><subfield code='s'>google</subfield><subfield code='u'>mdp.39015074112494</subfield><subfield code='r'>ic</subfield></datafield></record>