
<record><leader>00974nam a22002291  4500</leader><controlfield tag='001'>000000163</controlfield><controlfield tag='003'>MiAaHDL</controlfield><controlfield tag='005'>20090408000000.0</controlfield><controlfield tag='006'>m        d        </controlfield><controlfield tag='007'>cr bn ---auaua</controlfield><controlfield tag='008'>891014s1969    deu           00000 eng  </controlfield><datafield ind1=' ' ind2=' ' tag='010'><subfield code='a'>   71004083</subfield></datafield><datafield ind1=' ' ind2=' ' tag='035'><subfield code='a'>sdr-nrlfGLAD100760607-B</subfield></datafield><datafield ind1=' ' ind2=' ' tag='035'><subfield code='a'>(OCoLC)14693</subfield></datafield><datafield ind1=' ' ind2=' ' tag='040'><subfield code='a'>DLC</subfield><subfield code='c'>DLC</subfield><subfield code='d'>m.c.</subfield><subfield code='d'>SER</subfield><subfield code='d'>CUY</subfield></datafield><datafield ind1='0' ind2=' ' tag='050'><subfield code='a'>HV6789</subfield><subfield code='b'>.T47</subfield></datafield><datafield ind1=' ' ind2=' ' tag='082'><subfield code='a'>364/.9/73</subfield></datafield><datafield ind1=' ' ind2=' ' tag='090'><subfield code='a'> HV6789</subfield><subfield code='b'>.T471</subfield></datafield><datafield ind1='0' ind2='4' tag='245'><subfield code='a'>The Threat of crime in America.</subfield></datafield><datafield ind1='0' ind2=' ' tag='260'><subfield code='a'>[Newark,</subfield><subfield code='b'>University of Delaware,</subfield><subfield code='c'>1969]</subfield></datafield><datafield ind1=' ' ind2=' ' tag='300'><subfield code='a'>v, 90 p.</subfield><subfield code='c'>23 cm.</subfield></datafield><datafield ind1='0' ind2=' ' tag='490'><subfield code='a'>E. Paul du Pont lectures on crime, delinquency, and corrections,</subfield><subfield code='v'>1967-68</subfield></datafield><datafield ind1='0' ind2=' ' tag='505'><subfield code='a'>Emerging issues in delinquency, by S. Dinitz.--Crime in urban America, by M. E. Wolfgang.--Drugs, law, and society, by E. M. Schur.--Law enforcement in contemporary America, by D. E. J. MacNamara.--Crime and corrections, by M. E. Alexander.</subfield></datafield><datafield ind1=' ' ind2=' ' tag='538'><subfield code='a'>Mode of access: Internet.</subfield></datafield><datafield ind1=' ' ind2='0' tag='650'><subfield code='a'>Criminals</subfield><subfield code='z'>United States.</subfield></datafield><datafield ind1=' ' ind2=' ' tag='CID'><subfield code='a'>000000163</subfield></datafield><datafield ind1='0' ind2=' ' tag='DAT'><subfield code='a'>20070103113133.0</subfield><subfield code='b'>20090408000000.0</subfield></datafield><datafield ind1='1' ind2=' ' tag='DAT'><subfield code='a'>20120815205219.0</subfield><subfield code='b'>2013-08-07T05:12:46Z</subfield></datafield><datafield ind1='2' ind2=' ' tag='DAT'><subfield code='a'>2013-05-05T06:25:19Z</subfield></datafield><datafield ind1=' ' ind2=' ' tag='CAT'><subfield code='a'>SDR-NRLF</subfield><subfield code='d'>LOCAL - GLADIS</subfield><subfield code='l'>loader.pl-001-001</subfield></datafield><datafield ind1=' ' ind2=' ' tag='FMT'><subfield code='a'>BK</subfield></datafield><datafield ind1=' ' ind2=' ' tag='HOL'><subfield code='0'>sdr-nrlfGLAD100760607-B</subfield><subfield code='a'>uc1</subfield><subfield code='b'>SDR</subfield><subfield code='c'>NRLF</subfield><subfield code='p'>uc1.b3916858</subfield><subfield code='s'>UC</subfield><subfield code='1'>GLAD100760607-B</subfield></datafield><datafield ind1=' ' ind2=' ' tag='974'><subfield code='b'>UC</subfield><subfield code='c'>NRLF</subfield><subfield code='d'>20130807</subfield><subfield code='s'>google</subfield><subfield code='u'>uc1.b3916858</subfield><subfield code='r'>ic</subfield></datafield></record>
</collection>